2750 4700
269 420 332 507 846
500 450 711 491 carinoous
742 444 936 489 rossanum

262 580 301 673 ‘Ii
324 608 381 667 per
408 592 623 672 synaloephen
653 592 800 653 coalescit
833 612 904 651 cum
930 598 1081 669 sequente
1104 570 1236 667 syllaba.

272 692 466 773 Quamquam
498 708 530 757 et
556 692 621 759 sin
649 690 757 776 I'uixp.
786 694 881 754 scribi
909 695 1012 775 possit
1036 712 1104 752 non
1130 691 1247 751 minus

269 799 442 859 commode.

334 938 513 1013 Antioohiae
519 918 654 1028 ,huntur
664 956 798 1015 duorum
813 934 1068 1035 epigrsmmatum
1080 936 1236 1011 anaiade

271 1057 304 1117 5¹¹
319 1060 410 1121 Anal·
425 1060 566 1125 11.·305,
587 1059 654 1140 (ΙΙΙ.
677 1062 725 1123 ι8.
749 1060 799 1120 ed.
818 1054 870 1139 L.)
913 1055 1098 1135 Suspicatus
1113 1040 1234 1113 Fabri·
1260 1075 1264 1088 ·

190 1176 214 1247 '¹
272 1166 341 1221 ctos
358 1182 424 1221 esse
441 1160 635 1225 Antiochum
652 1164 792 1242 Aegeum
809 1160 1006 1240 sophistam,
1027 1158 1116 1239 cujus
1135 1156 1235 1215 vitam
1327 1195 1331 1208 .

272 1262 429 1325 enarrat
446 1266 634 1329 ratramne.
658 1268 693 1325 n
716 1268 783 1331 va,
801 1264 898 1345 soph.
913 1240 954 1337 h,
970 1265 1000 1324 t.
1014 1283 1047 1340 p.
1063 1260 1137 1321 sos.
1172 1259 1233 1335 ,ct

276 1370 402 1449 butrio.
429 1369 509 1431 Bibl.
530 1369 587 1429 Gr.
610 1372 650 1433 Τ.
669 1372 715 1431 Χ.
734 1390 770 1449 Ρ.
794 1368 869 1429 506.
891 1367 948 1427 ubi
971 1364 1099 1447 plurimi
1122 1382 1236 1422 recen-

272 1484 380 1533 sentur
402 1470 569 1549 Antiochi,
591 1474 715 1551 nullusg
744 1492 836 1553 quem
855 1471 1004 1533 facultate
1025 1468 1153 1547 po'o'tica
1170 1466 1236 1527 sso'-

271 1576 371 1635 ruisse
390 1586 522 1637 constet.
717 1579 720 1588 '

336 1746 510 1827 Antipater
527 1728 699 1819 Sidonius,
722 1769 856 1809 coronae
874 1742 1079 1826 Meleagricae
1095 1746 1234 1806 intextus
1278 1780 1286 1787 -
1350 1775 1352 1836 p

272 1872 305 1913 v.
321 1854 373 1913 42.
396 1854 535 1926 Φοίνισσαν
557 1874 587 1909 τε
612 1854 671 1909 einr
689 1841 788 1933 κόπρον
812 1846 1063 1932 ἄνι”Δντιπᾶα-Ρου.
1088 1851 1178 1911 Anat.
1194 1852 1234 1910 II.

274 1956 305 2019 6.
327 1959 379 2033 (II.
406 1957 435 2015 5.
454 1954 502 2013 ed.
520 1954 573 2029 L.)
620 1956 727 2031 Quum
749 1954 885 2033 plurimu
907 1952 1024 2013 sintin
1043 1952 1236 2033 Anthologia
1353 1979 1354 1994 ¹

272 2060 443 2136 Antipatri
460 2058 701 2135 epigrammata,
734 2059 784 2116 cui
807 2058 923 2137 gentile
945 2078 1010 2116 non
1025 2058 1214 2137 adscriptum
1225 2104 1234 2134 ,
1354 2065 1355 2080 ¹

271 2172 309 2223 nt
331 2162 427 2240 igitur
444 2160 573 2218 dubium
591 2161 648 2243 sit,
671 2139 778 2220 utruin
792 2162 922 2219 Sidonii
937 2160 1017 2236 sint,
1034 2157 1079 2219 ‘an
1100 2162 1234 2219 Ilicem·
1355 2159 1356 2166 ’

256 2264 460 2334 tunnensis,
490 2264 638 2343 temporis
656 2264 773 2323 indicia
795 2264 976 2343 investigari
995 2264 1109 2323 debent
1129 2264 1236 2340 iniis,
1296 2290 1302 2303 ·

140 2413 150 2424 .
272 2391 351 2450 quae
368 2365 537 2446 antiquiori
552 2369 729 2445 Antipatro
749 2366 863 2428 diserte
877 2371 1073 2428 tribuuntur.
1107 2361 1236 2427 Sidonii

271 2475 369 2554 igitur
385 2471 501 2550 gentile
525 2491 600 2549 prae
621 2451 653 2530 se
671 2472 781 2531 serunt
805 2471 1100 2552 epigrammatarlX·
1114 2473 1160 2535 X.
1174 2473 1234 2534 XI.

180 2620 186 2640 .
271 2578 361 2640 XIII.
382 2577 459 2635 XV.
480 2575 572 2634 XVI.
594 2575 688 2635 XXI.
711 2569 842 2652 (XXII.
867 2575 901 2632 iu
926 2571 1077 2654 Pnnud.)
1108 2576 1234 2636 XXVI.

235 2679 238 2698 ‘
271 2679 401 2742 XXXI.
424 2669 568 2738 XXXII.
589 2677 765 2738 XXXVII.
795 2675 987 2738 XXXVIII.
1013 2679 1136 2739 XLVI.
1162 2679 1234 2740 LV.

271 2785 373 2846 LVII.
396 2781 470 2840 LX·
492 2780 598 2842 LXV.
622 2777 745 2840 LXDI.
775 2779 884 2839 LXX·
912 2783 1051 2841 LXXII.
1080 2783 1235 2843 LXXIII.

271 2881 428 2948 LXXIV.
464 2875 606 2942 LXXV.
642 2881 800 2941 LXXVI.
843 2883 1028 2944 LXXVIII.
1072 2885 1233 2948 LXXIX.

272 2983 462 3052 LXXXIII.
522 2981 698 3048 LXXXV.
764 2985 955 3046 LXXXVI.
1016 2985 1234 3052 LXXXVIII.

272 3087 466 3152 LXXXIX.
498 3085 570 3148 XC.
600 3087 686 3149 XCI.
723 3086 825 3148 XCII.
861 3089 978 3153 XCIII.
1015 3091 1137 3152 XCDI.
1166 3089 1233 3152 cll.

273 3193 353 3254 clss.
384 3191 453 3253 CV.
496 3189 660 3251 Praeterea
677 3189 711 3250 in
727 3191 805 3251 cod.
822 3193 896 3253 Vat.
911 3193 1086 3271 Antipatro
1104 3194 1236 3253 Sidonio

272 3291 425 3358 tribuitur
444 3293 505 3374 Ep.
528 3271 612 3352 iuter
627 3295 846 3374 epigrammata
861 3295 975 3375 Anytes
997 3297 1076 3358 XX.
1099 3307 1132 3357 et
1152 3299 1247 3360 inter‘

273 3393 371 3460 attam.
401 3397 522 3459 CXXI.
553 3395 689 3458 CXXII.
740 3397 851 3459 Eidem
882 3399 1085 3460 tribuendum
1107 3401 1236 3461 videtur

275 3499 413 3584 ejusdem
429 3495 554 3560 Codicis
574 3501 760 3561 anctoritate
774 3503 833 3582 Ep.
847 3502 931 3561 inter
948 3501 1235 3564 Thessalonicensis

197 3669 201 3680 ,
273 3605 430 3686 po'e'matm
451 3600 582 3661 relatum
607 3603 771 3668 XXXIX.
794 3603 879 3686 (vide
895 3606 1177 3670 Animadversall.
1199 3607 1237 3668 P.

267 3711 300 3772 Ὶ.
322 3728 356 3788 Ρ.
378 3703 463 3784 320.)
506 3707 629 3766 Horum
654 3707 906 3786 epigrammatum
926 3708 1017 3787 longe
1039 3707 1175 3788 plurima
1195 3729 1237 3768 ex

275 3805 524 3885 haIuiseasquunt
539 3829 667 3891 genere,
689 3829 792 3890 neque
808 3811 954 3872 disesiam
963 3813 1113 3891 temporis
1129 3820 1237 3872 notam

275 3915 455 3994 impressam
477 3921 603 3990 gerunt,
634 3923 759 3990 praeter
781 3914 841 3994 Ep.
870 3915 958 3976 XCI.
979 3915 1063 3995 quod
1085 3915 1239 3992 scriptum

277 4017 375 4078 estin
393 4015 567 4078 Toleutlem
576 4057 586 4097 ,
607 4015 744 4098 Agesilai
759 4019 904 4098 fratrem,
927 4019 983 4102 qui
1005 4019 1039 4080 ln
1053 4017 1177 4103 proelio
1195 4015 1237 4078 etl
