2750 4700
191 360 234 417 tv

194 526 270 582 tota
286 505 433 582 consilii
449 531 470 580 s
486 530 546 580 me
564 507 734 604 concepti
746 506 958 603 postulabat
975 507 1085 596 ratio,
1103 508 1157 583 ita

195 630 358 688 versatur
375 637 479 699 sum,
502 630 543 683 ut
558 612 649 683 nihil
668 630 866 698 mutarem,
891 611 964 685 nisi
979 638 1026 684 ex
1040 621 1158 685 Brun·

196 716 249 790 tii
276 734 416 805 menta,
458 739 569 811 quam
593 715 672 809 ipae
699 714 910 811 prodiderat
933 740 1017 787 cunr
1032 717 1074 787 in
1086 723 1159 788 Le·

199 820 395 907 orionibus,
419 834 500 889 tum
516 818 557 887 in
572 818 661 909 aliie,
680 843 774 917 quae
790 838 916 913 postea
933 818 1055 908 edidit,
1072 844 1159 915 ope·

199 921 311 997 ribus.
368 920 438 995 Sed
465 918 662 1008 debuere
689 938 726 993 et
752 922 846 993 olim
872 921 1002 993 dixiin
1018 918 1162 1002 Praefa-

198 1026 302 1099 tione
341 1024 464 1119 primo
503 1022 750 1121 Anthologiae
792 1043 939 1099 nostrae
977 1023 1162 1097 volumini

48 1175 54 1194 .
119 1158 122 1175 ι
200 1127 377 1223 praefixa,
403 1144 439 1200 et
453 1150 571 1221 nuper
586 1127 683 1211 )ad
699 1150 881 1199 novama
910 1126 1019 1203 nobis
1042 1151 1164 1201 susce*

201 1252 303 1327 ptam
327 1229 482 1307 Palatini
499 1227 648 1303 'Codicis
673 1227 892 1333 editionem:
933 1231 1030 1309 Huic
1050 1230 1163 1330 igitur

152 1419 155 1431 Ι
203 1332 339 1419 taturi,
363 1332 500 1427 passim
518 1332 561 1404 ad
581 1330 734 1403 Brunkii
751 1317 1165 1415 mentemreficto,1n
1267 1384 1272 1397 .
1364 1345 1365 1354 ’

204 1437 303 1511 dices
327 1434 466 1521 addidi,
507 1430 552 1505 ad
571 1436 831 1509 Analectorum
851 1436 1002 1533 paginas
1021 1460 1165 1509 socom

206 1540 395 1625 medates,
411 1542 519 1635 (quae
534 1536 690 1633 paginae
706 1536 828 1609 banc
817 1562 937 1635 ipsam
951 1538 1001 1611 ob
1017 1562 1165 1617 causam

141 1721 147 1740 x
205 1640 410 1737 Lipsiensis
437 1638 608 1713 editionis
637 1638 862 1735 marginibus
888 1641 1088 1736 adscriptae
1113 1642 1168 1715 le·

208 1754 362 1843 guntur)
391 1760 428 1817 et
455 1744 498 1813 in
531 1766 617 1813 eum
642 1744 798 1818 modum
823 1740 1086 1829 concinnatos,
1126 1756 1169 1819 ut

208 1870 334 1918 eorum
365 1870 437 1939 ope
467 1844 760 1937 unumquodque
784 1843 1007 1941 epigramma
1029 1869 1110 1915 non
1128 1844 1170 1921 in

208 1946 392 2020 Analectis
411 1954 572 2028 tantum.
605 1942 670 2016 sed
685 1945 794 2015 etiam
809 1944 850 2015 in
865 1944 1014 2039 reliquis
1027 1947 1171 2017 Andro·

206 2046 329 2145 legiae
352 2045 594 2131 editionibus,
634 2068 729 2141 quae
752 2047 903 2164 quidem
918 2046 1069 2138 alicujus
1087 2072 1172 2119 mo

114 2202 119 2220 .
205 2148 324 2225 menti
345 2166 449 2233 sunt,
497 2144 606 2221 facilc
647 2148 796 2242 reperiri
827 2168 973 2246 quaeant.
1027 2149 1173 2245 Adjacti

211 2272 301 2329 sunt
313 2250 457 2325 Indices
476 2241 679 2323 nominum
703 2274 790 2324 cum
808 2251 1005 2354 regionum
1018 2270 1055 2323 et
1070 2254 1174 2329 loco·

212 2383 318 2452 rum,
350 2373 431 2426 tum
448 2354 645 2426 hominurn
665 2373 705 2426 et
720 2356 896 2439 ιιοοιιιιιιι
925 2357 989 2428 alii
1001 2357 1174 2453 denique,

214 2469 429 2557 argumenta
455 2459 762 2556 epigrammatum
784 2457 939 2534 breviter
960 2461 1173 2534 indicantes.
1272 2482 1278 2490 ·

214 2570 317 2638 Haec
350 2561 477 2634 omnia
510 2560 681 2656 quintum
712 2558 822 2650 hujus
846 2561 968 2660 operis
991 2565 1176 2659 volumen

216 2667 480 2760 complectitur.
509 2670 718 2759 Sequuntur
729 2666 1016 2763 Prolegomena‚
1042 2666 1082 2738 ιιι
1097 2664 1179 2762 qui·

134 2855 137 2860 ¹
216 2770 287 2844 bus
310 2770 432 2842 omnis
447 2766 693 2865 Anthologiae
712 2766 864 2840 historia
880 2787 1082 2855 enarratur,
1107 2775 1179 2841 Co·

215 2871 314 2946 dices
330 2871 564 2964 manuscripti
577 2868 840 2958 describuntur,
850 2871 1182 2967 praestantissimas

209 2975 398 3050 'editiones
430 2990 682 3058 recensentur,
720 2973 846 3046 addito
874 2974 1012 3065 judicio
1046 2978 1093 3047 de
1121 3001 1180 3066 eu¹
1289 3051 1298 3074 ι

154 3117 174 3168 g
217 3075 358 3176 quod
347 3101 389 3148 ιιι
413 3099 632 3172 unaquaque
648 3100 772 3150 aarum
785 3093 835 3148 art
846 3096 1070 3171 praestitum
1119 3087 1180 3152 De

152 3257 155 3267 ,
217 3175 641 3256 animadversionibus
630 3203 710 3253 non
725 3199 780 3256 est
803 3180 911 3298 quod
920 3183 1036 3252 multa
1052 3182 1182 3264 dicam

220 3293 311 3360 Duo
333 3282 504 3377 inprimis
527 3301 645 3369 erant,
687 3307 781 3378 quae
811 3285 853 3354 in
886 3285 932 3356 iis
954 3286 1182 3379 spectabam

220 3385 396 3484 primum
413 3403 454 3457 ut
465 3336 645 3459 iectionis
655 3386 870 3467 varietatem
882 3412 927 3461 ex
936 3388 1128 3460 codicibus
1146 3407 1184 3460 et

223 3491 384 3587 antiquis
409 3488 635 3562 editionibus
662 3508 851 3564 moutam
868 3491 1011 3587 darem!
1051 3476 1184 3566 adeius

261 3807 296 3888 ι)
317 3777 475 3891 esterp.
489 3807 549 3875 ιιι
562 3827 610 3891 sq.
