2750 4700
493 322 499 353 1

1109 416 1182 507 ιη’
1202 390 1206 398 ’

210 610 292 679 aum
310 580 518 681 perficerem
528 594 676 675 ,ιιιιιιι·,
693 600 786 674 quae
800 576 933 699 darem,
949 603 1175 675 supererant,

210 670 326 761 Ιιιι1ιιι
338 683 553 777 Graecitatis,
577 684 837 777 Supplemanta
853 682 1169 782 epigrammatum,

236 816 301 863 uae
320 788 475 879 Erunbii
458 784 753 907 diligentiaml
754 804 937 873 atuerunt,
973 791 1168 887 catalogus
1200 873 1207 888 ‚

193 819 365 989 benique
390 890 547 963 criticus·
557 896 770 984 poetarum,
809 889 873 986 qui
896 891 1169 1011 epigrammatis
1206 966 1213 981 „

210 994 412 1089 sembendis
437 1017 586 1089 operam
609 1008 799 1065 navarunt
828 990 966 1082 Hisj
955 994 1067 1093 tgitur
1087 998 1172 1066 ulti·

208 1125 314 1193 mum
334 1098 519 1173 Volumen
544 1095 767 1166 destinatum
793 1114 878 1171 erat.
941 1102 990 1181 Et
1006 1098 1171 1209 primum

209 1202 310 1301 quod
334 1200 381 1280 ad
397 1200 560 1272 Iudicem
577 1200 796 1269 Graecitatis
810 1179 957 1288 attinet,
994 1225 1075 1273 non
1090 1228 1171 1275 om·
1263 1199 1266 1208 ’

208 1299 270 1399 'nia
297 1303 406 1378 verba
432 1324 634 1397 omnesque
655 1302 883 1389 locutiones,
924 1305 1079 1398 quaein
1096 1311 1172 1377 An

208 1406 374 1507 thologia
400 1422 611 1491 occurrunt,
651 1404 692 1485 in
714 1430 799 1479 eum
813 1408 921 1477 relata
938 1408 1061 1495 volui,
1104 1410 1170 1482 aer}

209 1538 248 1601 ea
273 1528 434 1601 tantum,
474 1531 568 1607 quae
581 1525 711 1597 notatu
728 1508 896 1605 digniora
912 1464 1171 1584 (ιιιίἰι1ιιιιι-
1256 1541 1259 1546 ⁴

207 1634 285 1709 tur,
322 1611 460 1685 formas
481 1610 652 1698 rariores,
689 1612 971 1703 compositaaut
986 1638 1170 1710 nusquam

208 1718 316 1805 alias,
351 1734 413 1789 aut
435 1738 518 1805 raro
545 1712 632 1784 alibi
654 1712 781 1800 obvia,
823 1714 1030 1787 locutiones
1048 1722 1170 1811 poe'ti·

208 1846 277 1913 cas.
328 1816 633 1928 Inexsequendo
649 1818 721 1889 hoo
736 1816 924 1937 oonsilio,
956 1818 1059 1909 cujus
1075 1820 1170 1909 fines
1236 1808 1240 1817 ¹

208 1914 319 2021 quam
333 1898 461 2019 pamm
472 1918 663 1993 definiti
635 1939 726 2009 arnt,
743 1919 896 1993 minime
911 1919 1065 2019 ignoro,
1085 1950 1168 1996 non

207 1950 354 2113 qinono,
391 2022 472 2097 fore
491 2024 603 2110 alios,
636 2020 767 2121 quibus
788 2023 911 2117 plura,
939 2024 1055 2112 alios,
1091 2026 1170 2125 qui'-
1191 2102 1194 2106 ,

208 2132 275 2204 bus
301 2126 492 2228 pauciora,
531 2150 641 2224 quam
668 2128 827 2212 vellent,
869 2126 1014 2200 dedisse
1037 2129 1168 2205 videar

207 2242 287 2313 Neo
310 2230 418 2319 'facile
444 2230 488 2301 de
510 2254 605 2317 aare
627 2254 713 2301 oum
729 2232 807 2316 ullo
827 2230 981 2301 bomine
987 2232 1170 2353 digladia-

204 2338 283 2416 bor.
344 2332 465 2408 Facile
493 2330 570 2406 fieri
588 2332 727 2426 potuit,
766 2353 809 2404 ut
830 2333 941 2431 digna
963 2356 1092 2409 notatu
1113 2339 1169 2409 vi·

173 2443 394 2530 parentur,
435 2461 528 2534 quae
558 2436 723 2534 vulgaria
752 2456 888 2519 essent3
926 2457 991 2512 aut
1019 2458 1063 2509 ut
1083 2467 1168 2515 vere

206 2539 473 2634 memorabilia,
512 2495 669 2610 medion,
659 2558 755 2610 inter
776 2539 941 2613 laborem
955 2541 1171 2638 obrepente,
1250 2579 1271 2602 -ι

206 2673 226 2735 a
253 2669 312 2716 me
326 2635 624 2740 praeterirentur,
643 2639 734 2714 alia
754 2641 936 2739 denique
925 2663 1019 2717 mter
1037 2649 1168 2721 deseri-

207 2723 366 2836 bendum
383 2764 585 2862 potuerunt
600 2744 776 2834 excidere.
804 2745 914 2846 Quod
928 2766 1053 2820 autem
1067 2771 1167 2843 prae·

205 2850 410 2969 positiones
436 2867 472 2924 et
496 2847 719 2941 particulas
709 2873 747 2916 m
773 2847 930 2941 primo
913 2849 1038 2922 Indice
1066 2855 1171 2948 prae-f
1223 2904 1227 2910 .

106 3019 109 3027 .
207 2953 302 3042 terii,
345 2953 386 3024 id
409 2930 567 3055 consilio
588 2948 820 3032 factumest,
859 2953 1168 3046 quodsiillislo·

206 3082 290 3144 cunr
310 3045 587 3139 concessissem,
622 3078 703 3136 non
722 3051 971 3142 facilefinem,
999 3057 1063 3128 ubi
1081 3082 1168 3130 con·
1243 3074 1250 3088 “

205 3161 385 3254 sisterem,
410 3155 655 3229 inveniebam.
707 3157 884 3254 vulgatae
905 3157 1058 3230 lectioni
1073 3185 1168 3232 non·

206 3260 355 3352 pullis
344 3285 384 3330 ιιι
403 3258 496 3336 locis
519 3259 703 3334 veriorem
728 3258 816 3332 Cod.
834 3263 944 3332 Palat.
967 3263 1166 3357 lectionem

198 3359 395 3458 'adscripsi5
421 3361 558 3454 passim
575 3364 682 3434 etiam
697 3387 790 3454 quae
805 3389 849 3434 ex
866 3362 1075 3484 conjectura
1089 3393 1170 3440 mu-

203 3465 323 3544 tanda
332 3481 469 3550 essent,
493 3463 640 3552 ιιοιιιίιι
664 3465 770 3558 plura
786 3464 892 3557 hujus
909 3469 1077 3567 generis
1066 3497 1167 3561 nunc

206 3569 354 3664 quidem
383 3565 547 3654 datums',
571 3592 603 3639 ιι
618 3592 673 3639 ιιι
692 3587 785 3640 esset
800 3587 947 3665 interra
1000 3548 1167 3670 Quooin

205 3669 412 3764 hocln'dioe
428 3671 585 3742 nomina
602 3677 796 3783 poetarum
810 3690 846 3744 et
861 3673 1167 3771 epigrammatum
1263 3683 1274 3691 '

204 3797 400 3846 numerum
421 3774 548 3866 pos'ui,
586 3797 676 3844 non
699 3773 958 3862 ΑιιιιΙιοιοιιιιιι
990 3781 1219 3889 volumen

205 3899 240 3956 ct
257 3877 448 3976 paginam,
479 3875 545 3963 ubi
561 3875 721 3990 quidque
736 3878 932 4010 legeretur
957 3879 998 3972 id
1016 3905 1102 3974 cum
1116 3849 1219 3976 ob
