2750 4700
226 380 305 439 VH}

228 532 315 605 alias
341 530 666 629 querelam-cautas
690 528 831 605 factum
846 550 919 621 est,
956 536 1038 615 tum
1054 528 1190 631 praeci·
1239 531 1244 547 '

227 660 319 732 pue,
351 654 393 710 ut
418 636 508 730 ipsis
529 644 723 727 poetarum
746 634 962 709 nominibus
982 636 1106 732 statim
1128 659 1191 710 ve·

229 741 381 813 tuttiora
395 764 419 809 a
432 738 694 813 recentioribus
707 738 1009 814 discernerentur.
1061 744 1113 822 Ut
1128 762 1191 810 au·

228 865 303 919 tem
321 842 516 939 quaerendi
539 840 819 917 imminueretur
835 842 1026 931 molestie,
1059 840 1192 915 verbo·

227 972 311 1019 rum
340 942 455 1017 indici
487 942 625 1037 subjeci
662 946 823 1017 indicem
857 950 1068 1041 poetarum,
1111 966 1188 1042 quo

228 1050 382 1146 quisque
405 1050 492 1119 loco
526 1064 564 1119 et
602 1047 644 1119 in
678 1047 862 1121 Analectis
895 1068 932 1123 et
960 1049 1004 1133 in
1028 1047 1190 1121 editione

228 1151 410 1250 Lipsiensi
427 1150 598 1238 hahetur,
624 1150 802 1237 eundem,
837 1150 903 1257 qui
921 1153 1032 1225 etiam
1059 1168 1190 1248 quarto

123 1286 128 1305 =
228 1254 421 1349 Volumini
443 1254 630 1345 subjectus
655 1272 730 1342 ert,
769 1253 833 1327 sed
857 1254 979 1329 minus
1002 1254 1066 1329 ille
1087 1278 1192 1325 accu-

228 1377 339 1432 ratus.
381 1356 564 1433 -tndicem
604 1357 824 1455 graecitatis,
859 1375 1006 1455 tresque
1030 1350 1134 1430 'atior
1149 1356 1191 1432 in

228 1460 592 1547 animadversiones,
619 1460 758 1555 excipit
773 1462 907 1557 duplex
922 1461 1101 1541 collectio
1117 1458 1192 1553 epi·

229 1584 501 1665 grammatum,
519 1562 887 1661 quaeAnalectorum
905 1565 1024 1642 editor
1037 1580 1192 1661 praeter·

230 1671 395 1753 miseran
444 1669 543 1765 prior
564 1672 757 1763 complexa
782 1670 1042 1771 epigrammata
1063 1691 1108 1741 ex
1121 1671 1193 1738 Co·

230 1774 308 1845 dice
322 1772 489 1845 Palatino
512 1774 663 1844 collecta
671 1798 683 1855 ;
711 1774 828 1867 altera
854 1774 1028 1847 exhibent
1050 1769 1192 1866 spicile-

230 1879 332 1975 gium
354 1877 681 1971 epigrammatum,
716 1899 799 1945 cum
817 1876 856 1945 in
876 1875 1114 1971 scriptoribus
1129 1898 1191 1945 ve·

229 1980 355 2063 turtio,
384 1996 464 2055 tum
496 1978 537 2047 in
569 1976 816 2074 marmoribus
839 1993 1075 2049 servatorum.
1143 1981 1192 2048 In

230 2083 349 2177 priore
382 2080 446 2151 illa
482 2079 701 2153 collectione
727 2103 808 2150 nott
832 2076 1051 2151 admodum'
1075 2077 1192 2149 multe

231 2202 335 2270 sunt,
358 2207 449 2276 quae
464 2182 638 2253 novitatis
658 2182 812 2279 gratiam
830 2183 1006 2266 habeant3
1023 2178 1190 2280 plurimis

230 2287 490 2362 edoctissimo
516 2284 726 2388 Hostilio,
767 2284 848 2358 eliis
890 2283 1000 2363 etiam
1039 2283 1084 2356 ab
1110 2282 1192 2357 aliis

230 2391 365 2488 passim
388 2390 427 2468 ia
451 2389 575 2488 luceru
590 2389 792 2492 protractis.
827 2393 958 2463 ·Paulo
975 2408 1099 2473 tamen
1117 2412 1193 2458 am·

230 2495 387 2592 pliorem
401 2511 568 2584 poteram
583 2490 749 2578 reddere,
784 2491 815 2567 si
830 2495 957 2565 omnia
974 2487 1193 2564 christianici

232 2594 437 2696 argumenti
477 2593 737 2692 epigrammata
778 2597 946 2668 exhibere
976 2593 1192 2680 voluissem,

233 2723 392 2798 quorum
432 2699 546 2795 longe
577 2697 735 2793 plurima
768 2699 937 2770 nondum
963 2698 1059 2770 edita
1079 2713 1192 2781 erant,

233 2807 298 2878 sed
314 2823 389 2876 tam
408 2797 531 2892 jejuna
548 2801 631 2887 illa,
662 2818 738 2871 tam
753 2799 797 2872 ab
812 2803 919 2872 omni
935 2799 1077 2900 ingenii
1092 2798 1193 2870 artis·

233 2933 304 3004 que
322 2906 429 2977 laude
445 2901 632 2990 destitute,
654 2904 821 2986 ursatius
839 2904 1094 2989 existimarem,
1120 2903 1194 2972 hoc

233 3010 386 3106 quidem
399 3009 483 3079 loco
500 3009 535 3103 a)
552 3031 592 3079 ea
607 3023 750 3078 tantum
767 3007 934 3104 seligere,
961 3029 1055 3106 quae
1068 3022 1194 3084 aucto·

232 3139 316 3186 rum
355 3109 570 3188 nominibus
604 3128 726 3182 essent
749 3108 947 3194 instructu
983 3133 1066 3206 nop
1091 3107 1195 3202 quod

232 3219 321 3288 haec
340 3211 466 3285 ceteris
484 3213 646 3284 multum
662 3231 906 3306 praestarent,
932 3213 994 3287 sed
1007 3210 1113 3307 ‚quoti
1130 3209 1195 3282 ali·

233 3318 324 3418 quid
334 3315 381 3388 ad
395 3315 583 3390 historiam
597 3315 811 3390 litterariam
829 3313 996 3396 conferre
1019 3312 1194 3389 videban-

277 3659 310 3738 *)
330 3661 368 3722 In
383 3677 467 3724 novt
480 3657 562 3718 enim
579 3656 718 3718 editione
726 3705 735 3734 ,
750 3679 836 3738 .quae
850 3661 999 3738 integram
1009 3655 1086 3719 Coti.
1099 3657 1194 3717 Palt-

232 3747 292 3810 tioi
316 3743 534 3824 Anthologiam
568 3746 802 3826 complectitur,
838 3745 943 3816 omniu
966 3742 1196 3826 exhibuiiods

235 3829 636 3920 rp·3auaqueadp,3l,
703 3923 707 3929 1
